@book{govscot-smp,
  type = {Publication - {Strategy}/plan},
  title = {Sectoral marine plan for offshore wind energy},
  author = {{Scottish Government}},
  date = {2020-10-28},
  urldate = {2021-05-20},
  url = {https://www.gov.scot/ISBN/9781800042421}
}

@dataset{ukgov-repd,
  title = {Renewable {Energy Planning Database} quarterly extract},
  author = {{Department for Business, Energy \& Industrial Strategy}},
  version = {Quarter 1 2021},
  date = {2021-04-28},
  url = {https://www.gov.uk/government/publications/renewable-energy-planning-database-monthly-extract},
  urldate = {2021-06-01},
  type = {{MS Excel} Spreadsheet}
}

@report{beatrice,
  title = {Beatrice {Offshore Wind Farm}: {Consent Plan}},
  date = {2016-11},
  number = {Rev 3.0},
  author = {{Beatrice Offshore Wind Farm Ltd}},
  url = {https://marine.gov.scot/data/beatrice-offshore-wind-farm-development-and-specification-layout-plan},
  urldate = {2021-07-18}
}

@report{nng-wind,
  title = {Neart {na Gaoithe Offshore Wind Farm}: {Development Specification}
          and {Layout Plan}},
  date = {2020-06},
  number = {Revision 4.0},
  author = {{Neart na Gaoithe Offshore Wind}},
  url = {https://marine.gov.scot/data/development-specification-and-layout-plan-neart-na-gaoithe-offshore-wind-farm-revised-design},
  urldate = {2021-07-18}
}

@report{moray-east,
  title = {Development {Layout} and {Specification Plan}: {Moray East
          Offshore Wind Farm} and {Associated Offshore Transmission
          Infrastructure}},
  date = {2020-09},
  number = {Version 5},
  author = {{Moray Offshore Windfarm (East) Limited}},
  url = {https://marine.gov.scot/data/moray-east-offshore-windfarm-development-specification-and-layout-plan-dslp},
  urldate = {2021-07-18}
}

@report{inchcape,
  title = {Inch {Cape Offshore Wind Farm}: {Section} 36 {Consent Variation
          Application Supporting Report}},
  date = {2021-01},
  number = {Version 1},
  author = {{Inch Cape Offshore Limited}},
  url = {https://marine.gov.scot/data/section-36-consent-variation-2021-inch-cape-offshore-windfarm-revised-design-firth-forth},
  urldate = {2021-07-18}
}

@report{moray-west,
  title = {Moray {Offshore Windfarm} ({West}) {Limited}: {Section} 36 {Consent
          Variation Application Report}},
  date = {2021-03},
  number = {Revision: A},
  author = {{Moray Offshore Windfarm (West) Limited}},
  url = {https://marine.gov.scot/data/section-36-consent-variation-moray-west-offshore-windfarm-moray-firth-application},
  urldate = {2021-07-20}
}

@report{seagreen,
  title = {Seagreen {Offshore Wind Farm}: {Development Specification} and
          {Layout Plan}},
  date = {2020-05},
  author = {{Seagreen Wind Energy Ltd}},
  url = {https://marine.gov.scot/data/offshore-wind-farm-development-specification-and-layout-plan},
  urldate = {2021-07-20}
}

@online{crownestate,
  title = {{ScotWind}},
  author = {{Crown Estate Scotland}},
  date = {2021},
  url = {https://www.crownestatescotland.com/our-projects/scotwind},
  urldate = {2021-07-29}
}

@online{cnes-cc,
  title = {What is a {Community Council}?},
  date = {2021},
  author = {{Comhairle nan Eilean Siar}},
  url = {https://www.cne-siar.gov.uk/your-council/community-councils/what-is-a-community-council/},
  urldate = {2021-07-23}
}

@report{naturescot-visual,
  title = {Visual representation of wind farms: {Guidance}},
  author = {{NatureScot}},
  date = {2017-02},
  number = {Version 2.2},
  url = {https://www.nature.scot/visual-representation-wind-farms-guidance},
  urldate = {2021-03-02}
}

@report{naturescot-smp,
  title = {Sectoral {Plan Consultation} - summary and design guidance},
  author = {Tilbrook, Cathy and Lees, George},
  date = {2020-03-25},
  institution = {NatureScot},
  url = {https://www.nature.scot/sectoral-plan-consultation-summary-and-design-guidance},
  urldate = {2021-07-18}
}

@report{naturescot-pmf,
  title = {Priority marine features in {Scotland}'s seas},
  author = {NatureScot},
  date = {2020},
  url = {https://www.nature.scot/doc/priority-marine-features-scotlands-seas-habitats},
  urldate = {2021-07-21}
}

@article{mekonnen2015,
  title = {A web-based participatory {GIS} ({PGIS}) for offshore wind farm
          suitability within {Lake Erie}, {Ohio}},
  author = {Mekonnen, Addisu D. and Gorsevski, Pece V.},
  date = {2015-01-01},
  journaltitle = {Renewable and Sustainable Energy Reviews},
  volume = {41},
  pages = {162--177},
  doi = {10.1016/j.rser.2014.08.030}
}

@article{gaveriaux2019,
  title = {{GIS}-based multi-criteria analysis for offshore wind turbine
          deployment in {Hong Kong}},
  author = {Gavériaux, L. and Laverrière, G. and Wang, T. and Maslov, N. and
           Claramunt, C.},
  date = {2019-07-03},
  journaltitle = {Annals of GIS},
  volume = {25},
  pages = {207--218},
  doi = {10.1080/19475683.2019.1618393},
  number = {3}
}

@article{falconer2013,
  title = {Visual, seascape and landscape analysis to support coastal
          aquaculture site selection},
  author = {Falconer, Lynne and Hunter, Donna-Claire and Telfer, Trevor C.
           and Ross, Lindsay G.},
  date = {2013-09-01},
  journaltitle = {Land Use Policy},
  volume = {34},
  pages = {1--10},
  doi = {10.1016/j.landusepol.2013.02.002}
}

@article{esteban2011,
  title = {Why offshore wind energy?},
  author = {M. Dolores Esteban and J. Javier Diez and Jose S. López and
           Vicente Negro},
  date = {2011-02},
  journaltitle = {Renewable Energy},
  volume = {36},
  number = {2},
  pages = {444--450},
  doi = {10.1016/j.renene.2010.07.009}
}

@report{windeurope2020,
  title = {Offshore Wind in {Europe}: {Key} trends and statistics 2019},
  date = {2020-02},
  author = {{Wind Europe}},
  url = {https://windeurope.org/about-wind/statistics/offshore/european-offshore-wind-industry-key-trends-statistics-2019/},
  urldate = {2021-07-21}
}

@report{cnes-ldp,
  title = {Outer {Hebrides Local Development Plan}: {Adopted Plan}},
  author = {{Comhairle nan Eilean Siar}},
  date = {2018-11},
  url = {https://www.cne-siar.gov.uk/planning-and-building/planning-service/development-planning/development-plan/local-development-plan/},
  urldate = {2021-07-24}
}

@report{cnes-ldp-wind,
  title = {Outer {Hebrides Local Development Plan}: {Supplementary Guidance}:
          {Wind Energy Development}},
  author = {{Comhairle nan Eilean Siar}},
  date = {2018-11},
  url = {https://www.cne-siar.gov.uk/planning-and-building/planning-service/development-planning/development-plan/local-development-plan/},
  urldate = {2021-07-24}
}

@online{hes-scheduling,
  title = {What is scheduling?},
  date = {2021},
  author = {{Historic Environment Scotland}},
  url = {https://www.historicenvironment.scot/advice-and-support/listing-scheduling-and-designations/scheduled-monuments/what-is-scheduling/},
  urldate = {2021-07-23}
}

@online{tadw,
  title = {The {Animal Diversity Web}},
  date = {2021},
  author = {Myers, P. and R. Espinosa and C. S. Parr and T. Jones and G. S.
           Hammond and T. A. Dewey},
  url = {https://animaldiversity.org},
  organization = {University of Michigan Museum of Zoology},
  urldate = {2021-07-25}
}

@software{geopandas,
  title = {{GeoPandas}: {Python} tools for geographic data},
  author = {{GeoPandas developers}},
  date = {2021-02},
  version = {0.9.0},
  doi = {10.5281/zenodo.4569086}
}

@software{python,
  title = {Python},
  author = {{Python Software Foundation}},
  date = {2021-06},
  version = {3.9.6},
  url = {https://www.python.org/},
  urldate = {2021-07-23}
}

@software{qgis,
  title = {{QGIS Geographic Information System}},
  author = {{QGIS Development Team}},
  organization = {QGIS Association},
  date = {2021-05},
  version = {3.18.3},
  url = {https://www.qgis.org},
  urldate = {2021-07-23}
}

@software{gdal,
  title = {{GDAL/OGR} {Geospatial Data Abstraction} software {Library}},
  author = {{GDAL/OGR contributors}},
  organization = {Open Source Geospatial Foundation},
  date = {2021-03},
  url = {https://gdal.org},
  version = {3.2.2},
  urldate = {2021-07-23}
}

@dataset{emodnet-bathymetry,
  title = {{EMODnet Digital Bathymetry} ({DTM} 2020)},
  author = {{EMODnet Bathymetry Consortium}},
  date = {2020-12-31},
  doi = {10.12770/bb6a87dd-e579-4036-abe1-e649cea9881a},
  type = {ASCII; {EPSG}:4326},
  organization = {European Marine Observation and Data Network},
  version = {2020}
}

@software{os-downloads,
  title = {{OS Downloads API}: {Technical Specification}},
  author = {{Ordnance Survey}},
  date = {2021},
  url = {https://osdatahub.os.uk/docs/downloads/technicalSpecification},
  urldate = {2021-06-02},
  version = {1.0.0}
}

@online{spatialdata,
  title = {{SpatialData.gov.scot Metadata Portal}},
  author = {{Scottish Government}},
  date = {2021},
  url = {https://www.spatialdata.gov.scot/},
  urldate = {2021-06-02}
}

@online{sepa-lidar,
  title = {Scottish {LiDAR Remote Sensing} datasets},
  author = {{Scottish Remote Sensing Portal}},
  organization = {Scottish Environment Protection Agency},
  year = {2019},
  url = {https://remotesensingdata.gov.scot/data},
  urldate = {2021-06-05}
}

@online{wikimedia,
  title = {Wikimedia {Commons}},
  author = {{Wikimedia}},
  date = {2021},
  url = {https://commons.wikimedia.org/wiki/Main_Page},
  urldate = {2021-07-31}
}

@online{geograph-uk,
  title = {Geograph},
  author = {{Geograph Britain and Ireland}},
  date = {2021},
  url = {https://www.geograph.org.uk/},
  urldate = {2021-07-31}
}

@online{canmore,
  title = {Canmore},
  author = {{Historic Environment Scotland}},
  date = {2021},
  url = {https://canmore.org.uk/},
  urldate = {2021-07-31}
}

@online{crofting,
  title = {About {Crofting}},
  author = {{Scottish Crofting Federation}},
  url = {https://www.crofting.org/about-scf/about-crofting/},
  date = {2021},
  urldate = {2021-07-30}
}

@online{dmg-map,
  title = {Lewis and {Harris DMG}},
  author = {{Association of Deer Management Groups, Scotland}},
  url = {https://www.crofting.org/about-scf/about-crofting/},
  date = {2021},
  urldate = {2021-07-30}
}

@dataset{govscot-smpresponses,
  title = {Draft {Sectoral Marine Plan} for {Offshore Wind Energy} -
          {Published} responses},
  url = {https://consult.gov.scot/marine-scotland/draft-sectoral-marine-plan-for-offshore-wind/},
  author = {{Scottish Government}},
  date = {2020-03},
  urldate = {2021-07-15}
}

@inproceedings{eastman2005-mca,
  title = {Multi-criteria evaluation and {GIS}},
  author = {J. Eastman},
  year = {2005}
}

@article{dean2020,
  title = {Chapter {Six} - {Multi}-criteria analysis},
  author = {Marco Dean},
  year = {2020},
  journaltitle = {Advances in Transport Policy and Planning},
  volume = {6},
  pages = {165--224},
  doi = {10.1016/bs.atpp.2020.07.001}
}

@article{berry2011,
  title = {Web-based {GIS Approaches} to {Enhance Public Participation} in
          {Wind Farm Planning}},
  author = {Berry, Robert and Higgs, Gary and Fry, Richard and Langford,
           Mitch},
  date = {2011},
  journaltitle = {Transactions in GIS},
  volume = {15},
  pages = {147--172},
  issn = {1467-9671},
  doi = {10.1111/j.1467-9671.2011.01240.x},
  number = {2}
}

@article{appleton2003,
  title = {{GIS}-based visualisation of rural landscapes: defining
          'sufficient' realism for environmental decision-making},
  author = {Appleton, Katy and Lovett, Andrew},
  date = {2003-10-15},
  journaltitle = {Landscape and Urban Planning},
  volume = {65},
  pages = {117--131},
  issn = {0169-2046},
  doi = {10.1016/S0169-2046(02)00245-1},
  number = {3}
}

@article{vasileiou2017,
  title = {{GIS}-based multi-criteria decision analysis for site selection
          of hybrid offshore wind and wave energy systems in {Greece}},
  author = {Vasileiou, Margarita and Loukogeorgaki, Eva and Vagiona,
           Dimitra G.},
  date = {2017-06-01},
  journaltitle = {Renewable and Sustainable Energy Reviews},
  volume = {73},
  pages = {745--757},
  issn = {1364-0321},
  doi = {10.1016/j.rser.2017.01.161}
}

@article{tercan2020,
  title = {A {GIS}-based multi-criteria model for offshore wind energy power
          plants site selection in both sides of the {Aegean Sea}},
  author = {Emre Tercan and Serkan Tapkın and Dionysis Latinopoulos and Mehmet
           Ali Dereli and Anastasis Tsiropoulos and Muhammet Fatih Ak},
  date = {2020},
  journaltitle = {Environmental Monitoring and Assessment},
  volume = {192},
  number = {652},
  doi = {10.1007/s10661-020-08603-9}
}

@article{deveci2020,
  title = {Interval type-2 fuzzy sets based multi-criteria decision-making
          model for offshore wind farm development in {Ireland}},
  author = {Muhammet Deveci and Umit Cali and Sadik Kucuksari and Nuh Erdogan},
  date = {2020},
  journaltitle = {Energy},
  volume = {198},
  doi = {10.1016/j.energy.2020.117317}
}

@article{mahdy2018,
  title = {Multi criteria decision analysis for offshore wind energy potential
          in {Egypt}},
  author = {Mahdy, Mostafa and Bahaj, AbuBakr S.},
  date = {2018-04-01},
  journaltitle = {Renewable Energy},
  volume = {118},
  pages = {278--289},
  issn = {0960-1481},
  doi = {10.1016/j.renene.2017.11.021}
}

@article{basset2021,
  title = {A new hybrid multi-criteria decision-making approach for location
          selection of sustainable offshore wind energy stations: {A} case
          study},
  author = {Mohamed Abdel-Basset and Abduallah Gamal and Ripon K. Chakrabortty
           and Michael Ryan},
  date = {2021},
  journaltitle = {Journal of Cleaner Production},
  volume = {280},
  number = {2},
  doi = {10.1016/j.jclepro.2020.124462}
}
