@dataset{hes-sm,
  title = {Scheduled {Monuments}},
  author = {{Historic Environment Scotland}},
  date = {2020-08-19},
  url = {https://portal.historicenvironment.scot/downloads/scheduledmonuments},
  urldate = {2021-06-03},
  type = {Shapefile; {EPSG}:27700},
  version = {2020-08}
}

@dataset{is-ccb,
  title = {Community {Council Boundaries} - {Scotland}},
  author = {{Improvement Service}},
  date = {2021-07},
  url = {https://data.spatialhub.scot/dataset/community_council_boundaries-is},
  urldate = {2021-07-21},
  type = {Shapefile; {EPSG}:27700},
  organization = {Spatial Hub Scotland},
  version = {2019-07}
}

@dataset{ms-smp,
  title = {Sectoral {Marine Plan} for {Offshore Wind Energy Draft Plan
          Options}},
  author = {{Marine Scotland}},
  date = {2020-01-10},
  url = {https://marine.gov.scot/data/sectoral-marine-plan-offshore-wind-energy-draft-plan-options-gis-files},
  urldate = {2021-06-03},
  type = {Shapefile; {EPSG}:4326},
  version = {2020-01}
}

@dataset{nrs-census,
  title = {2011 census table data: {Output Area} 2011},
  author = {{National Records of Scotland}},
  date = {2021-04},
  url = {https://www.scotlandscensus.gov.uk/documents/2011-census-table-data-output-area-2011/},
  urldate = {2021-06-02},
  version = {2021-04},
  type = {{CSV}}
}

@dataset{nrs-eor,
  title = {2011 {Output Area Boundaries} - {Extent} of the {Realm}},
  author = {{National Records of Scotland}},
  date = {2013-10},
  url = {https://www.nrscotland.gov.uk/statistics-and-data/geography/our-products/census-datasets/2011-census/2011-boundaries},
  urldate = {2021-06-02},
  version = {2013-10},
  type = {{Shapefile}; {EPSG}:27700}
}

@dataset{nrs-pwc,
  title = {2011 {Output Area} - {Population Weighted Centroids}},
  author = {{National Records of Scotland}},
  date = {2013-10},
  url = {https://www.nrscotland.gov.uk/statistics-and-data/geography/our-products/census-datasets/2011-census/2011-boundaries},
  urldate = {2021-06-02},
  version = {2013-10},
  type = {{Shapefile}; {EPSG}:27700}
}

@dataset{ns-gems,
  title = {{GeMS} - {Scottish Priority Marine Features} ({PMF})},
  author = {{NatureScot}},
  date = {2021-02},
  url = {https://gateway.snh.gov.uk/natural-spaces/datasets/GEMS-PMF},
  urldate = {2021-06-03},
  type = {File Geodatabase; {EPSG}:4326},
  version = {2021-02}
}

@dataset{os-bng,
  title = {{OS British National Grids}},
  author = {{Ordnance Survey}},
  date = {2012},
  url = {https://github.com/OrdnanceSurvey/OS-British-National-Grids},
  urldate = {2021-06-02},
  version = {2012},
  type = {{GeoPackage}; {EPSG}:27700}
}

@dataset{os-boundaryline,
  title = {Boundary-{Line}™},
  author = {{Ordnance Survey}},
  date = {2021-05},
  url = {https://www.ordnancesurvey.co.uk/business-government/products/boundaryline},
  urldate = {2021-06-02},
  version = {2021-05},
  type = {{GeoPackage}; {EPSG}:27700}
}

@dataset{os-colourraster,
  title = {1:250 000 {Scale Colour Raster}™},
  author = {{Ordnance Survey}},
  date = {2021-06},
  url = {https://www.ordnancesurvey.co.uk/business-government/products/250k-raster},
  urldate = {2021-06-06},
  version = {2021-06},
  type = {{TIFF}-{LZW}; {EPSG}:27700}
}

@dataset{os-opennames,
  title = {{OS Open Names}},
  author = {{Ordnance Survey}},
  date = {2021-07},
  url = {https://www.ordnancesurvey.co.uk/business-government/products/open-map-names},
  urldate = {2021-07-19},
  version = {2021-07},
  type = {{CSV}; {EPSG}:27700}
}

@dataset{os-terrain50,
  title = {{OS Terrain}® 50},
  author = {{Ordnance Survey}},
  date = {2021-07},
  url = {https://www.ordnancesurvey.co.uk/business-government/products/terrain-50},
  urldate = {2021-07-20},
  version = {2021-07},
  type = {{GeoPackage}; {EPSG}:27700}
}

@dataset{scenicareas,
  title = {{National Scenic Areas}},
  author = {{Scottish Government}},
  date = {1998},
  version = {1998},
  type = {Shapefile; {EPSG}:27700},
  url = {https://www.spatialdata.gov.scot/geonetwork/srv/eng/catalog.search#/metadata/13396739-7602-4428-85fd-95a5d7e208a1},
  urldate = {2021-08-01}
}
