@report{cnes-ldp-wind,
  title = {Outer {Hebrides Local Development Plan}: {Supplementary Guidance}:
          {Wind Energy Development}},
  author = {{Comhairle nan Eilean Siar}},
  date = {2018-11},
  url = {https://www.cne-siar.gov.uk/planning-and-building/planning-service/development-planning/development-plan/local-development-plan/},
  urldate = {2021-07-24}
}
