@software{7zip,
  title = {7-{Zip}},
  author = {Pavlov, Igor},
  date = {2019-02-21},
  url = {https://www.7-zip.org/},
  urldate = {2021-07-23},
  version = {19.00}
}

@software{anaconda,
  title = {Anaconda {Software Distribution}},
  author = {Anaconda},
  date = {2021},
  url = {https://anaconda.com/},
  urldate = {2021-07-23}
}

@software{conda-forge,
  title = {The {conda}-{forge} Project: {Community}-based Software
          Distribution Built on the {conda} Package Format and Ecosystem},
  author = {{conda-forge community}},
  date = {2015-07},
  doi = {10.5281/zenodo.4774216}
}

@software{fiona,
  title = {Fiona is {OGR}'s neat, nimble, no-nonsense {API}},
  author = {Gillies, Sean and others},
  organization = {Toblerity},
  date = {2021-06},
  version = {1.8.20},
  url = {https://github.com/Toblerity/Fiona},
  urldate = {2021-07-23}
}

@software{gdal-2,
  title = {{GDAL}/{OGR} {Geospatial Data Abstraction} software {Library}},
  author = {{GDAL/OGR contributors}},
  organization = {Open Source Geospatial Foundation},
  date = {2021-03},
  url = {https://gdal.org},
  version = {3.2.2},
  urldate = {2021-07-23}
}

@software{geopandas-2,
  title = {{GeoPandas}: {Python} tools for geographic data},
  author = {{GeoPandas developers}},
  date = {2021-02},
  version = {0.9.0},
  doi = {10.5281/zenodo.4569086}
}

@software{jupyter,
  title = {{JupyterLab}},
  author = {{Project Jupyter}},
  date = {2021-07},
  version = {3.1.1},
  url = {https://jupyter.org/},
  urldate = {2021-07-31}
}

@article{matplotlib,
  author = {Hunter, J. D.},
  title = {Matplotlib: {A} 2{D} graphics environment},
  journal = {Computing in Science \& Engineering},
  volume = {9},
  number = {3},
  pages = {90--95},
  doi = {10.1109/MCSE.2007.55},
  year = {2007}
}

@article{numpy,
  title = {Array programming with {NumPy}},
  author = {Harris, Charles R. and Millman, K. Jarrod and van der Walt,
           Stéfan J. and Gommers, Ralf and Virtanen, Pauli and Cournapeau,
           David and Wieser, Eric and Taylor, Julian and Berg, Sebastian and
           Smith, Nathaniel J. and Kern, Robert and Picus, Matti and Hoyer,
           Stephan and van Kerkwijk, Marten H. and Brett, Matthew and Haldane,
           Allan and Fernández del Río, Jaime and Wiebe, Mark and Peterson,
           Pearu and Gérard-Marchant, Pierre and Sheppard, Kevin and Reddy,
           Tyler and Weckesser, Warren and Abbasi, Hameer and Gohlke,
           Christoph and Oliphant, Travis E.},
  date = {2020-09},
  journal = {Nature},
  volume = {585},
  number = {7825},
  pages = {357--362},
  doi = {10.1038/s41586-020-2649-2}
}

@software{pandas,
  title = {{pandas}: powerful {Python} data analysis toolkit},
  author = {{The pandas development team}},
  date = {2021-07},
  version = {1.3.0},
  doi = {10.5281/zenodo.5060318}
}

@software{python-2,
  title = {Python},
  author = {{Python Software Foundation}},
  date = {2021-06},
  version = {3.9.6},
  url = {https://www.python.org/},
  urldate = {2021-07-23}
}

@software{qgis-2,
  title = {{QGIS Geographic Information System}},
  author = {{QGIS Development Team}},
  organization = {QGIS Association},
  date = {2021-05},
  version = {3.18.3},
  url = {https://www.qgis.org},
  urldate = {2021-07-23}
}

@software{rasterio,
  title = {Rasterio: geospatial raster {I}/{O} for {Python} programmers},
  author = {Gillies, Sean and others},
  organization = {Mapbox},
  date = {2021-06},
  version = {1.2.4},
  url = {https://github.com/mapbox/rasterio},
  urldate = {2021-07-23}
}

@software{requests,
  title = {Requests: {A} simple, yet elegant {HTTP} library},
  author = {Reitz, Kenneth and others},
  date = {2021-07},
  url = {https://requests.readthedocs.io/},
  version = {2.26.0},
  urldate = {2021-07-23}
}

@software{rioxarray,
  title = {{rioxarray}: geospatial {xarray} extension powered by {rasterio}},
  author = {Snow, Alan D. and others},
  organization = {Corteva Agriscience},
  date = {2021-07},
  version = {0.5.0},
  doi = {10.5281/zenodo.5079853}
}

@software{shapely,
  title = {Shapely: manipulation and analysis of geometric objects},
  author = {Gillies, Sean and others},
  organization = {Toblerity},
  version = {1.7.1},
  date = {2020-08},
  url = {https://github.com/Toblerity/Shapely},
  urldate = {2021-07-23}
}

@article{xarray,
  title = {{xarray}: {N}-{D} labeled arrays and datasets in {Python}},
  author = {Hoyer, S. and Hamman, J.},
  year = {2017},
  journal = {Journal of Open Research Software},
  volume = {5},
  number = {1},
  doi = {10.5334/jors.148}
}
